% Encoding: UTF-8
@article{tan2008,
  title={E-learning Recommendation System},
  author={Huiyi Tan and Junfei Guo and Yong Li},
  journal={2008 International Conference on Computer Science and Software Engineering},
  year={2008},
  volume={5},
  pages={430-433}
}

@article{zhang2019,
	author = {Zhang, Shuai and Yao, Lina and Sun, Aixin and Tay, Yi},
	title = {Deep Learning Based Recommender System: A Survey and New Perspectives},
	year = {2019},
	publisher = {Association for Computing Machinery},
	address = {New York, NY, USA},
	volume = {52},
	number = {1},
	issn = {0360-0300},
	url = {https://doi.org/10.1145/3285029},
	doi = {10.1145/3285029},
	journal = {ACM Computuer Surveys},
	month = {feb},
	articleno = {5},
	numpages = {38},
	keywords = {deep learning, Recommender system, survey}
}

@INPROCEEDINGS{nagarnaik2015,  
	author={Nagarnaik, Paritosh and Thomas, Achamma},  
	booktitle={2015 2nd International Conference on Electronics and Communication Systems (ICECS)},   
	title={Survey on recommendation system methods},   
	year={2015},
	month = {feb},  
	publisher = {{IEEE}},
	pages={1603-1608},  
	doi={10.1109/ECS.2015.7124857},
	url = {https://doi.org/10.1109/ECS.2015.7124857}
}

@article{ali2022,
  doi = {10.1016/j.eij.2021.05.003},
  url = {https://doi.org/10.1016/j.eij.2021.05.003},
  year = {2022},
  month = mar,
  publisher = {Elsevier {BV}},
  volume = {23},
  number = {1},
  pages = {33--45},
  author = {Sadia Ali and Yaser Hafeez and Mamoona Humayun and Nor Shahida Mohd Jamail and Muhammad Aqib and Asif Nawaz},
  title = {Enabling recommendation system architecture in virtualized environment for e-learning},
  journal = {Egyptian Informatics Journal}
}